Untuk setiap referensi, baris pertama (Newton1687) merupakan label dan baris-baris berikutnya
merupakan atribut dari referensi yang akan digunakan. Umumnya, format referensi berikut sudah
disediakan oleh penyedia sumber referensi secara online dan bisa langsung digunakan di sini.

Lihat https://www.bibtex.com/g/bibtex-format/ untuk informasi lebih lanjut mengenai format
BibTex yang digunakan pada file ini.

@book{masYusuf,
  author         = {Yusuf Umar Hanafi},
  editor         = {},
  publisher      = {Institut Teknologi Sepuluh Nopember},
  title          = {DETEKSI PENGGUNAAN HELM PADA PENGENDARA BERMOTOR BERBASIS DEEP LEARNING},
  year           = {2020}
}

@article{helmetUse,
  author          = {Liu, Ivers, Norton},
  journal         = {Cochrane database of systematic reviews},
  number          = {4},
  title           = {Helmets for preventing Injurt in motorcycle riders},
  volume          = {},
  year            = {2004}
}

@book{transportasi2019,
  author         = {Badan Pusat Statistik Indonesia},
  editor         = {},
  publisher      = {},
  title          = {STATISTIK TRANSPORTASI DARAT 2019},
  year           = {2019}
}

@misc{kecelakaan,
  title   = {5 Pelanggaran dengan Jumlah Tertinggi},
  year    = 2019,
  url     = {https://www.korlantas-irsms.info/graph/violationTypeData},
  urldate = {2021-10-17}}

}

@misc{angkutan-jalan,
  author       = {Dewan Perwakilan Republik Indonesia},
  title        = {UNDANG-UNDANG REPUBLIK INDONESIA NOMOR 22 TAHUN 2009 TENTANG LALU LINTAS DAN ANGKUTAN JALAN },
  year         = {2009},
  url          = {https://www.dpr.go.id/dokjdih/document/uu/UU_2009_22.pdf}
}

@article{hanhelin,
  author          = {Hanhe Lin},
  journal         = {IEEE Access},
  number          = {},
  title           = {Helmet Use Detection of Tracked Motorcycles Using CNN-Based Multi-Task Learning},
  volume          = {8},
  year            = {2019}
}

@book{machinelearning,
  author         = {Purba Daru Kusuma},
  editor         = {},
  publisher      = {deepublish},
  title          = {Machine Learning Teori, Program, dan Studi Kasus},
  year           = {2020}
}

@article{machinelearning2,
  author          = {Zulfa Afiq Fikriya},
  journal         = {JURNAL SAINS DAN SENI ITS},
  number          = {1},
  title           = {Implementasi Extreme Learning Machine untuk Pengenalan Objek Citra Digital},
  volume          = {6},
  year            = {2017}
}

@article{lecun,
  author          = {Yann LeCun, Yoshua Bengio, Geoffrey Hinton},
  journal         = {Nature},
  number          = {doi:10.1038/nature14539},
  title           = {Deep Learning},
  volume          = {6},
  year            = {2015}
}

@article{yolo,
  author          = {Joseph Redmon. and Santosh Divvala. and Ross Girshick. and Ali Farhadi},
  journal         = {Computer Vision and Pattern Recognition (cs.CV)},
  number          = {},
  title           = {You Only Look Once: Unified, Real-Time Object Detection},
  volume          = {},
  year            = {2016}
}

@article{uav-yolo,
  author          = {Upesh Nepal. and Hossein Eslamiat},
  journal         = {MDPI},
  number          = {},
  title           = {Comparing YOLOv3, YOLOv4 and YOLOv5 for Autonomous Landing Spot Detection in Faulty UAVs},
  volume          = {},
  year            = {2022}
}
